@misc{ubcFormat,
  author = {UBC},
  title = {STRUCTURE OF THESES AND DISSERTATIONS},
  year = 2017,
  note = {Accessed Nov. 19, 2017},
  howpublished = {https://www.grad.ubc.ca/current-students/dissertation-thesis-preparation/structure-theses-dissertations}
}
@mastersthesis{csiuThesis,
   series={Electronic Theses and Dissertations (ETDs) 2008+},
   title={Characterization of the human thyroid epigenome},
   url={https://open.library.ubc.ca/cIRcle/collections/24/items/1.0343360},
   DOI={http://dx.doi.org/10.14288/1.0343360},
   school={University of British Columbia},
   author={Siu, Celia},
   year={2017},
   collection={Electronic Theses and Dissertations (ETDs) 2008+}
 }
@article{siu2017,
  doi = {10.1530/JOE-17-0145},
  author = {
    {Celia Siu} and
    {Sam Michael Wiseman} and
    {Sitanshu Gakkhar} and
    {Alireza Heravi-Moussavi} and
    {Misha Bilenky} and
    {Annaick Carles} and
    {Thomas Sierocinski} and
    {Angela Tam} and
    {Eric Yang Zhao} and
    {Katayoon Kasaian} and
    {Richard A. Moore} and
    {Andrew J. Mungall} and
    {Blair Walker} and
    {Thomas Thomson} and
    {Marco A. Marra} and
    {Martin Hirst} and
    {Steven Jones}
  },
  title = {Characterization of the human thyroid epigenome},
  journal = {J Endocrinol},
  volume = {235},
  number = {2},
  pages = {153-165},
  url = {http://joe.endocrinology-journals.org/content/early/2017/08/14/JOE-17-0145},
  }
